<record><leader>00000cas a22000007a 4500</leader><controlfield tag="001">20818810</controlfield><controlfield tag="008">891226d19311932nduwr ne      0    0eng d</controlfield><datafield ind1=" " ind2=" " tag="010"><subfield code="a">sn 89074504 </subfield></datafield><datafield ind1=" " ind2=" " tag="040"><subfield code="a">NOP</subfield><subfield code="b">eng</subfield><subfield code="c">NOP</subfield><subfield code="d">OCLCQ</subfield></datafield><datafield ind1=" " ind2=" " tag="042"><subfield code="a">msc</subfield></datafield><datafield ind1="0" ind2=" " tag="130"><subfield code="a">Times (Fargo, N.D.)</subfield></datafield><datafield ind1="1" ind2="4" tag="245"><subfield code="a">The Times.</subfield></datafield><datafield ind1=" " ind2=" " tag="260"><subfield code="a">Fargo, Cass County, N.D. :</subfield><subfield code="b">P.L. Aarhus</subfield></datafield><datafield ind1=" " ind2=" " tag="300"><subfield code="a">v. ;</subfield><subfield code="c">38-55.</subfield></datafield><datafield ind1=" " ind2=" " tag="310"><subfield code="a">Weekly</subfield></datafield><datafield ind1="1" ind2=" " tag="362"><subfield code="a">Began in Nov. 1931?</subfield></datafield><datafield ind1=" " ind2=" " tag="500"><subfield code="a">Published at Finley, N.D., Mar. 24-Aug. 27, 1932.</subfield></datafield><datafield ind1=" " ind2=" " tag="530"><subfield code="a">Available on microfilm from the State Historical Society of North Dakota.</subfield></datafield><datafield ind1=" " ind2=" " tag="588"><subfield code="a">Description based on: Vol. 2, no. 27 (Dec. 3, 1931).</subfield></datafield><datafield ind1=" " ind2=" " tag="752"><subfield code="a">United States</subfield><subfield code="b">North Dakota</subfield><subfield code="c">Steele</subfield><subfield code="d">Finley.</subfield></datafield><datafield ind1=" " ind2=" " tag="752"><subfield code="a">United States</subfield><subfield code="b">North Dakota</subfield><subfield code="c">Cass</subfield><subfield code="d">Fargo.</subfield></datafield><datafield ind1="0" ind2="0" tag="780"><subfield code="t">Times and the Page announcer</subfield><subfield code="w">(DLC)sn 89074503</subfield></datafield><datafield ind1="0" ind2="0" tag="785"><subfield code="t">North Dakota times</subfield><subfield code="w">(DLC)sn 87096049</subfield></datafield></record>